@misc{chatgpt,
  author = {OpenAI ChatGPT},
  title = {Assistance with LaTeX code for recurrence relations question},
  year = {2024},
  note = {Accessed: 2024-09-02},
  howpublished = {\url{https://chat.openai.com/}}
}